<?xml version="1.0" encoding="UTF-8"?><collection xmlns="http://www.loc.gov/MARC21/slim"><record><leader>00512nam--2200181-u-4500</leader><controlfield tag="001">000055737</controlfield><controlfield tag="002">20161230</controlfield><controlfield tag="005">20161230201052</controlfield><controlfield tag="008">130408s1000------------r-----000-0-eng-d</controlfield><datafield ind1=" " ind2=" " tag="020"><subfield code="a">9783540488590</subfield></datafield><datafield ind1=" " ind2=" " tag="040"><subfield code="a">IFIN-HH</subfield></datafield><datafield ind1="1" ind2=" " tag="100"><subfield code="a">Suhonen, Jouni</subfield></datafield><datafield ind1="1" ind2="0" tag="245"><subfield code="a">From nucleons to nucleus</subfield><subfield code="b">Concepts of microscopic nuclear theory</subfield><subfield code="c">Jouni suhonen</subfield></datafield><datafield ind1=" " ind2=" " tag="260"><subfield code="a">Berlin</subfield><subfield code="b">Springer</subfield><subfield code="c">2007</subfield></datafield><datafield ind1=" " ind2=" " tag="300"><subfield code="a">XXI+645P</subfield></datafield><datafield ind1=" " ind2=" " tag="490"><subfield code="a">Theoretical And Mathematical Physics</subfield></datafield><datafield ind1=" " ind2=" " tag="852"><subfield code="a">82357</subfield><subfield code="c">539</subfield></datafield><datafield ind1=" " ind2=" " tag="CAT"><subfield code="a">Sys</subfield><subfield code="c">20160210</subfield><subfield code="h">085201</subfield></datafield></record></collection>